@incollection {NS06,
    AUTHOR = {Neunhöffer, Max and Seress, Ákos},
     TITLE = {A data structure for a uniform approach to computations with
              finite groups},
 BOOKTITLE = {ISSAC 2006},
     PAGES = {254--261},
 PUBLISHER = {ACM},
   ADDRESS = {New York},
      YEAR = {2006},
   MRCLASS = {68P05 (20D99 68W30)},
  MRNUMBER = {MR2289128},
       DOI = {10.1145/1145768.1145811},
      NOTE = {https://doi.org/10.1145/1145768.1145811},
}
